<?xml version="1.0" encoding="UTF-8"?><record xmlns="http://www.loc.gov/MARC21/slim" xmlns:cinclude="http://apache.org/cocoon/include/1.0" xmlns:zs="http://www.loc.gov/zing/srw/">
  <leader>00534nz  a2200145n  4500</leader>
  <controlfield tag="001">n 2011041473</controlfield>
  <controlfield tag="003">DLC</controlfield>
  <controlfield tag="005">20110621074819.0</controlfield>
  <controlfield tag="008">110620n| acannaabn          |b aaa      </controlfield>
  <datafield tag="010" ind1=" " ind2=" ">
    <subfield code="a">n 2011041473</subfield>
  </datafield>
  <datafield tag="040" ind1=" " ind2=" ">
    <subfield code="a">DLC</subfield>
    <subfield code="b">eng</subfield>
    <subfield code="c">DLC</subfield>
  </datafield>
  <datafield tag="100" ind1="1" ind2=" ">
    <subfield code="a">Lu, Jianxin,</subfield>
    <subfield code="d">1974-</subfield>
  </datafield>
  <datafield tag="400" ind1="1" ind2=" ">
    <subfield code="a">卢建新,</subfield>
    <subfield code="d">1974-</subfield>
  </datafield>
  <datafield tag="667" ind1=" " ind2=" ">
    <subfield code="a">Non-Latin script reference not evaluated.</subfield>
  </datafield>
  <datafield tag="670" ind1=" " ind2=" ">
    <subfield code="a">Nei bu zi ben shi chang pei zhi xiao lü yan jiu, 2008:</subfield>
    <subfield code="b">t.p. (卢建新 = Lu Jianxin) front flap (b. 1974, Xiaochang, Hubei; Ph.D., lecturer at Zhong nan cai jing zheng fa da xue)</subfield>
  </datafield>
</record>